
@book
{ref1,
author={Mathieu Nebra},
title={Reprenez le contrôle à l'aide de Linux},
publisher={OpenClassrooms - ex-Site du Zéro},
year={2012 }
}
@book
{ref2,
author={Eric Lalitte},
title={Apprenez le fonctionnement des réseaux TCP/IP},
publisher={Eyrolles},
year={2019}
}
@misc
{ref3,
author={Sébastien Ermacore},
title={Prenez le contrôle à distance d'un poste Linux/Windows avec VNC},
month={},
year={2019},
note={\url{ https://openclassrooms.com/fr/courses/1733046-prenez-le-controle-a-distance-dun-poste-linux-windows-avec-vnc}}
}

@misc
{ref4,
author={},
title={La téléadministration est une solution bien adaptée aux PME},
month={},
year={},
note={\url{https://www.01net.com/actualites/la-teleadministration-est-une-solution-bien-adaptee-aux-pme-137722.html}}
}


